<?xml version="1.0" encoding="UTF-8"?><collection xmlns="http://www.loc.gov/MARC21/slim"><record><leader>00321nam--2200121-i-4500</leader><controlfield tag="001">000045762</controlfield><controlfield tag="002">20161230</controlfield><controlfield tag="005">20161230201045</controlfield><controlfield tag="008">060222s1000------------r-----000-0-eng-d</controlfield><datafield ind1=" " ind2=" " tag="080"><subfield code="a">621.52(083.3)</subfield></datafield><datafield ind1=" " ind2=" " tag="245"><subfield code="a">Vacuum products. kurt j.lesker company</subfield></datafield><datafield ind1=" " ind2=" " tag="260"><subfield code="a">Livermore, Ca, Kurt J.Lesker Co., 1989, /P.Dif.</subfield></datafield><datafield ind1=" " ind2=" " tag="852"><subfield code="a">D.2180</subfield></datafield></record></collection>